<?xml version="1.0" encoding="UTF-8"?><record xmlns="http://www.loc.gov/MARC21/slim" xmlns:cinclude="http://apache.org/cocoon/include/1.0" xmlns:zs="http://www.loc.gov/zing/srw/">
  <leader>01127nz  a2200229n  4500</leader>
  <controlfield tag="001">no2011162482</controlfield>
  <controlfield tag="003">DLC</controlfield>
  <controlfield tag="005">20111021075514.0</controlfield>
  <controlfield tag="008">111019n| acaabaaan          |a ana     c</controlfield>
  <datafield tag="010" ind1=" " ind2=" ">
    <subfield code="a">no2011162482</subfield>
  </datafield>
  <datafield tag="035" ind1=" " ind2=" ">
    <subfield code="a">(OCoLC)oca09010663</subfield>
  </datafield>
  <datafield tag="040" ind1=" " ind2=" ">
    <subfield code="a">NcD</subfield>
    <subfield code="b">eng</subfield>
    <subfield code="c">NcD</subfield>
  </datafield>
  <datafield tag="130" ind1=" " ind2="0">
    <subfield code="a">Colección Educación, debates e imaginario social.</subfield>
    <subfield code="p">Serie Curriculum y siglo XXI</subfield>
  </datafield>
  <datafield tag="430" ind1=" " ind2="0">
    <subfield code="a">Educación, debates e imaginario social.</subfield>
    <subfield code="p">Serie Curriculum y siglo XXI</subfield>
  </datafield>
  <datafield tag="430" ind1=" " ind2="0">
    <subfield code="a">Colección Educación, debates e imaginario social.</subfield>
    <subfield code="p">Curriculum y siglo XXI</subfield>
  </datafield>
  <datafield tag="430" ind1=" " ind2="0">
    <subfield code="a">Serie Curriculum y siglo XXI</subfield>
  </datafield>
  <datafield tag="410" ind1="2" ind2=" ">
    <subfield code="a">Universidad Autónoma Metropolitana.</subfield>
    <subfield code="t">Colección Educación, debates e imaginario social.</subfield>
    <subfield code="p">Serie Curriculum y siglo XXI</subfield>
  </datafield>
  <datafield tag="643" ind1=" " ind2=" ">
    <subfield code="a">México, D.F.</subfield>
    <subfield code="b">Universidad Autónoma Metropolitana</subfield>
    <subfield code="b">Plaza y Valdés Editores</subfield>
  </datafield>
  <datafield tag="644" ind1=" " ind2=" ">
    <subfield code="a">f</subfield>
    <subfield code="5">NcD</subfield>
  </datafield>
  <datafield tag="645" ind1=" " ind2=" ">
    <subfield code="a">t</subfield>
    <subfield code="5">DPCC</subfield>
    <subfield code="5">NcD</subfield>
  </datafield>
  <datafield tag="646" ind1=" " ind2=" ">
    <subfield code="a">s</subfield>
    <subfield code="5">NcD</subfield>
  </datafield>
  <datafield tag="670" ind1=" " ind2=" ">
    <subfield code="a">Perfil de egreso y formación profesional, 2010:</subfield>
    <subfield code="b">ser. t.p. (Colección Educación, debates e imaginario social. Serie Curriculum y siglo XXI) cover (Colección Educación, debates e imaginario social. Curriculum y siglo XXI)</subfield>
  </datafield>
</record>